<record><leader>00000cas a2200000 a 4500</leader><controlfield tag="001">23715629</controlfield><controlfield tag="008">910508c19509999okuwr ne      0   a0eng d</controlfield><datafield ind1=" " ind2=" " tag="010"><subfield code="a">sn 93065929 </subfield></datafield><datafield ind1=" " ind2=" " tag="040"><subfield code="a">SEO</subfield><subfield code="b">eng</subfield><subfield code="c">SEO</subfield><subfield code="d">OBN</subfield><subfield code="d">OCL</subfield><subfield code="d">OCLCQ</subfield></datafield><datafield ind1=" " ind2=" " tag="042"><subfield code="a">msc</subfield></datafield><datafield ind1="0" ind2=" " tag="130"><subfield code="a">Atoka County times (Atoka, Okla.)</subfield></datafield><datafield ind1="1" ind2="4" tag="245"><subfield code="a">The Atoka County times.</subfield></datafield><datafield ind1="3" ind2="0" tag="246"><subfield code="a">Atoka County graphic</subfield></datafield><datafield ind1="3" ind2="0" tag="246"><subfield code="a">Atoka County Sunday times</subfield></datafield><datafield ind1="3" ind2="0" tag="246"><subfield code="a">Times</subfield></datafield><datafield ind1=" " ind2=" " tag="260"><subfield code="a">Atoka, Okla. :</subfield><subfield code="b">A.W. Phillips</subfield></datafield><datafield ind1=" " ind2=" " tag="300"><subfield code="a">v.</subfield></datafield><datafield ind1=" " ind2=" " tag="310"><subfield code="a">Weekly</subfield></datafield><datafield ind1=" " ind2=" " tag="321"><subfield code="a">Semiweekly,</subfield><subfield code="b">Sept. 13, 1964-May 22, 1966</subfield></datafield><datafield ind1=" " ind2=" " tag="500"><subfield code="a">On Sundays published as: The Atoka County Sunday times, on Sept. 13, 1964, then changed to: Atoka County graphic, on Jul 4, 1965.</subfield></datafield><datafield ind1=" " ind2=" " tag="588"><subfield code="a">Description based on: Vol. 1, no. 5 (June 8, 1950).</subfield></datafield><datafield ind1=" " ind2="4" tag="651"><subfield code="a">Atoka (Okla.)</subfield><subfield code="v">Newspapers.</subfield></datafield><datafield ind1=" " ind2="4" tag="651"><subfield code="a">Atoka County (Okla.)</subfield><subfield code="v">Newspapers.</subfield></datafield><datafield ind1=" " ind2=" " tag="752"><subfield code="a">United States</subfield><subfield code="b">Oklahoma</subfield><subfield code="c">Atoka</subfield><subfield code="d">Atoka.</subfield></datafield><datafield ind1="0" ind2="5" tag="780"><subfield code="t">Atoka Baptist</subfield></datafield><datafield ind1="0" ind2="5" tag="780"><subfield code="t">Indian citizen democrat and Atoka jeffersonian</subfield><subfield code="w">(DLC)sn 95076003</subfield><subfield code="w">(OCoLC)31866405</subfield></datafield><datafield ind1="1" ind2=" " tag="029"><subfield code="a">AU@</subfield><subfield code="b">000025883130</subfield></datafield></record>